
@book{zorich2016analysis2,
	author    	= {Antonovich Zorich, Vladimir}, 
	title     	= {Mathematical Analysis II},
	publisher 	= {McGraw--Hill Book Company},
	year      	= {1980},
	chapter     = {5},
	pages       = {79-111},
	edition 	= {1},
}